@Book{BK08,
author={C. Baier and J.-P. Katoen},
title={Principles of Model Checking},
publisher={MIT Press},
year={2008},

volume={},
series={},
address={},
edition={},
month={},
note={},
key={}
},
@article{Letouzey2012,
abstract = {This paper presents the SQALE (Software Quality Assessment Based on Lifecycle Expectations) method. We describe its Quality Model and Analysis Model which is used to estimate the Quality and the Technical Debt of an application source code. We provide recommendations and guidelines for using the SQALE indicators in order to analyse the structure and the impact of the Technical Debt.},
author = {Letouzey, Jean Louis},
doi = {10.1109/MTD.2012.6225997},
file = {:C$\backslash$:/Users/ovidi/AppData/Local/Mendeley Ltd./Mendeley Desktop/Downloaded/Letouzey - 2012 - The SQALE method for evaluating technical debt.pdf:pdf},
isbn = {9781467317498},
journal = {2012 3rd International Workshop on Managing Technical Debt, MTD 2012 - Proceedings},
keywords = {SQALE,Technical Debt,analysis model,quality,quality model,source code},
pages = {31--36},
title = {{The SQALE method for evaluating technical debt}},
year = {2012}
}
