@misc{DeveloperSurvey2018,
  author = {GitLab},
  title = {{2018 Global Developer Report}},
  howpublished = "\url{https://about.gitlab.com/developer-survey/2018}"
}